@misc{tantau2004user,
  title={Userâ€™s Guide to the Beamer Class, Version 3.01},
  author={Tantau, Till},
  year={2004}
}

@article{mertz2005beamer,
  title={Beamer by example},
  author={Mertz, Andrew and Slough, William},
  journal={The PracTEX Journal},
  year={2005}
}